@online{Statista2025,
	author={ARtillery Intelligence},
	title={{Mobile augmented Reality (AR) users worldwide from 2023 to 2028}},
	date={2024},
	url={https://www.statista.com/statistics/1098630/global-mobile-augmented-reality-ar-users/},
	urldate={2025-08-31},
	langid={english}
}

@legislation{FhStG1993,
	title={Bundesgesetz über Fachhochschulen},
	titleaddon={Fachhochschulgesetz – FHG},
	howpublished={BGBl.\ Nr.\ 340/1993, zuletzt geändert mit Bundesgesetz BGBl.\ I Nr.\ 50/2024},
	date={1993-05-28},
	url={https://www.ris.bka.gv.at/GeltendeFassung.wxe?Abfrage=Bundesnormen&Gesetzesnummer=10009895},
	langid={ngerman}
}

@video{Futurama1999,
	author={Groening, Matt},
	title={Futurama},
	titleaddon={Season 1 Collection},
	howpublished={DVD},
	date={2002-02},
	organization={Twentieth Century Fox Home Entertainment},
	langid={english}
}

@incollection{GershwinSummertime,
	author={Gershwin, George and Heyward, DuBose},
	title={Summertime},
	booktitle={The Greatest Songs of George Gershwin},
	publisher={Chappel Music},
	location={London},
	pages={40-43},
	date={1979},
	langid={english}
}

@book{HaydnCelloConcerto2,
	author={Haydn, Josef},
	title={Konzert für Violoncello No.\ 2 in D-Dur, Hob.VIIb:2},
	editor={Soldan,Kurt},
	publisher={C. F. Peters},
	location={Leipzig},
	date={1920},
	langid={ngerman}
}

@book{Hemleben1969,
	author={Hemleben, Johannes},
	title={Galilei, Galileo},
	publisher={rororo},
	date={1969},
	edition={20},
	langid={ngerman}
}

@book{Higham2020,
	author={Higham, Nicholas J.},
	title={Handbook of Writing for the Mathematical Sciences},
	publisher={Society for Industrial and Applied Mathematics (SIAM)},
	location={Philadelphia},
	edition={3},
	date={2020},
	url={https://nhigham.com/handbook-of-writing-for-the-mathematical-sciences/},
	langid={english}
}

@video{HistoryOfComputers2008,
	title={History of Computers},
	date={2008-09-24},
	url={https://www.youtube.com/watch?v=LvKxJ3bQRKE},
	langid={english}
}

@online{IBM360,
	author={IBM},
	title={The IBM System/360},
	subtitle={The 5-billion-dollar gamble that changed the trajectory of IBM},
	date={2024-01-05},
	url={https://www.ibm.com/history/system-360},
	urldate={2025-02-18},
	langid={english}
}

@manual{Kime2024,
	author={Kime, Philip and Wemheuer, Moritz and Lehman, Philipp},
	title={The \texttt{biblatex} Package},
	subtitle={Programmable Bibliographies and Citations},
	date={2024-03-21},
	version={3.20},
	url={https://mirrors.ctan.org/macros/latex/contrib/biblatex/doc/biblatex.pdf},
	langid={english}
}

@book{Kopka2003,
	author={Kopka, Helmut and Daly, Patrick William},
	title={Guide to \LaTeX},
	series={Tools and Techniques for Computer Typesetting},
	publisher={Addison-Wesley},
	location={Reading, MA},
	date={2003},
	edition={4},
	langid={english}
}

@book{Lamport1994,
	author={Lamport, Leslie},
	title={{LaTeX}, A Document Preparation System},
	subtitle={User's Guide and Reference Manual},
	publisher={Addison-Wesley},
	location={Reading, MA},
	date={1994},
	edition={2},
	langid={english}
}

@book{Lamport1995,
	author={Lamport, Leslie},
	title={Das {LaTeX}-Handbuch},
	publisher={Addison-Wesley},
	location={Reading, MA},
	date={1995},
	edition={3},
	langid={ngerman}
}

@software{LegendOfZelda1998,
	author={Miyamoto, Shigeru and Aonuma, Eiji and Koizumi, Yoshiaki},
	title={The Legend of Zelda: Ocarina of Time},
	howpublished={N64 Cartridge},
	publisher={Nintendo},
	date={1998-11},
	langid={english}
}

@thesis{Loimayr2019,
	author={Loimayr, Nora},
	title={Utilization of GPU-Based Smoothed Particle Hydrodynamics for Immersive Audiovisal Experiences},
	type={mathesis},
	date={2019-11-26},
	institution={University of Applied Sciences Upper Austria, Interactive Media},
	location={Hagenberg, Austria},
	url={https://theses.fh-hagenberg.at/thesis/Loimayr19},
	langid={english}
}

@article{Mermin1989,
	author={Mermin, Nathaniel David},
	title={What's Wrong with these Equations?},
	journaltitle={Physics Today},
	volume={42},
	number={10},
	date={1989},
	pages={9-11},
	doi={10.1063/1.2811173},
	langid={english}
}

@manual{Mittelbach2024,
	author={Mittelbach, Frank and Schöpf, Rainer and Downes, Michael and Jones, David M. and Carlisle, David},
	title={The \texttt{amsmath} package},
	date={2024-11-05},
	version={2.17t},
	url={https://mirrors.ctan.org/macros/latex/required/amsmath/amsmath.pdf},
	langid={english}
}

@movie{Nosferatu1922,
	title={Nosferatu -- A Symphony of Horrors},
	howpublished={Film},
	date={1922},
	note={Drehbuch/Regie: F.\ W.\ Murnau. Mit Max Schreck, Gustav von Wangenheim, Greta Schröder.},
	langid={english}
}

@manual{Oetiker2021,
	author={Oetiker, Tobias and Partl, Hubert and Hyna, Irene and Schlegl, Elisabeth},
	title={The Not So Short Introduction to \LaTeXe},
	subtitle={Or \LaTeXe in 139 minutes},
	date={2021-03-09},
	version={6.4},
	url={https://mirrors.ctan.org/info/lshort/english/lshort.pdf},
	langid={english}
}

@legislation{OoeRaumordnungsgesetz1994,
	title={Landesgesetz vom 6. Oktober 1993 über die Raumordnung im Land Oberösterreich},
	titleaddon={Oö. Raumordnungsgesetz 1994 - Oö. ROG 1994},
	howpublished={LGBl.Nr. 114/1993 zuletzt geändert durch LGBl.Nr. 14/2025},
	date={1993-12-23},
	url={https://www.ris.bka.gv.at/GeltendeFassung.wxe?Abfrage=LrOO&Gesetzesnummer=10000370},
	langid={ngerman}
}

@manual{Oostrum2025,
	author={Oostrum, {Pieter van}},
	title={The \textrm{fancyhdr} and \textrm{extramarks} packages},
	date={2025-02-07},
	version={5.2},
	url={https://mirrors.ctan.org/macros/latex/contrib/fancyhdr/fancyhdr.pdf},
	langid={english}
}

@manual{Pakin2024,
	author={Pakin, Scott},
	title={The Comprehensive {\LaTeX} Symbol List},
	date={2024-01-03},
	url={https://mirrors.ctan.org/info/symbols/comprehensive/symbols-a4.pdf},
	langid={english}
}

@manual{Patashnik1988,
	author={Patashnik, Oren},
	title={{BiBTeXing}},
	date={1988-02-08},
	url={https://mirrors.ctan.org/biblio/bibtex/base/btxdoc.pdf},
	langid={english}
}

@patent{Pike2008,
	author={Pike, Dion},
	title={Master-slave communications system and method for a network element},
	type={US Patent},
	holder={Alcatel-Lucent SAS},
	number={7,460,482},
	date={2008-12-02},
	url={https://patents.google.com/patent/US7460482},
	langid={english}
}

@movie{Psycho1960,
	title={Psycho},
	howpublished={Film},
	date={1960},
	note={Regie: Alfred Hitchcock, 
		Drehbuch: Joseph Stefano.
		Nach dem Roman von Robert Bloch. 
		Mit Anthony Perkins, Vera Miles, Janet Leigh.},
	langid={english}
}

@book{Sedgewick2011,
	author={Sedgewick, Robert and Wayne, Kevin},
	title={Algorithms},
	publisher={Addison-Wesley},
	location={Reading, MA},
	date={2011},
	edition={4},
	langid={english}
}

@book{ShostakovichOp110,
	author={Shostakovich, Dimitri},
	title={Streichquartett Nr.\ 8 in c-Moll, Op.\ 110},
	editor={Hans Sikorski},
	publisher={G. Schirmer},
	location={New York},
	date={1960},
	langid={ngerman}
}

@manual{Sommerfeldt2023,
	author={Sommerfeldt, Axel},
	title={Customizing captions of floating environments},
	date={2023-07-10},
	version={3.6},
	url={https://mirrors.ctan.org/macros/latex/contrib/caption/caption.pdf},
	langid={english}
}

@software{SpringFramework,
	title={Spring Framework},
	url={https://github.com/spring-projects/spring-framework},
	langid={english}
}

@article{Vardavoulia2001,
	author={Vardavoulia, Maria I. and Andreadis, Ioannis and Tsalides, Phillipos},
	title={A new vector median filter for colour image processing},
	journaltitle={Pattern Recognition Letters},
	volume={22},
	number={6-7},
	pages={675-689},
	date={2001},
	doi={10.1016/S0167-8655(00)00141-0},
	langid={english}
}

@manual{Voss2014,
	author={Voß, Herbert},
	title={Math mode},
	date={2014-01-30},
	version={2.47},
	url={https://mirrors.ctan.org/obsolete/info/math/voss/mathmode/Mathmode.pdf},
	langid={english}
}

@standard{WHATWGHTMLLivingStandard,
	author={{Web Hypertext Application Technology Working Group}},
	shortauthor={WHATWG},
	title={HTML},
	titleaddon={Living Standard},
	date={2025-02-17},
	url={https://html.spec.whatwg.org/multipage/},
	langid={english}
}

@online{WikiReliquienschrein2023,
	title={Reliquienschrein},
	url={https://de.wikipedia.org/wiki/Reliquienschrein},
	date={2023-12-20},
	urldate={2025-02-18},
	langid={ngerman}
}

@online{WikibooksLaTeXLengths2018,
	title={LaTeX/Lengths},
	url={https://en.wikibooks.org/wiki/LaTeX/Lengths},
	date={2018-08-04},
	urldate={2025-02-18},
	langid={english}
}

@audio{Zappa1995,
	author={Zappa, Frank},
	title={Freak Out!},
	type={audiocd},
	date={1995-05},
	organization={Rykodisc, New York},
	langid={english}
}

%% used in thesis proposal example:

@inproceedings{Finke2008,
	author={Finke, Matthias and Tang, Anthony and Leung, Rock and Blackstock, Michael},
	title={Lessons Learned: Game Design for Large Public Displays},
	booktitle={Proceedings of the 3rd International Conference on Digital Interactive Media in Entertainment and Arts},
	series={DIMEA '08},
	pages={26-33},
	date={2008},
	publisher={ACM},
	location={New York, NY, USA},
	doi={10.1145/1413634.1413644},
	langid={english}
}

@inproceedings{Hochleitner2013,
	author={Hochleitner, Wolfgang and Lankes, Michael and Diephuis, Jeremiah and Hochleitner, Christina},
	title={Limelight -- Fostering Sociability in a Co-located Game},
	booktitle={Proceedings of the CHI 2013 Workshop on Designing and Evaluating Sociability in Online Video Games},
	series={CHI '13},
	pages={23-28},
	date={2013},
	location={Paris, France},
	langid={english}
}

@book{Schell2019,
	author={Schell, Jesse},
	title={The Art of Game Design},
	subtitle={A Book of Lenses},
	publisher={CRC Press},
	date={2019},
	edition={3},
	location={Boca Raton, FL, USA},
	doi={10.1201/b22101},
	langid={english}
}
